
@online{sarkar_deep_2018,
	title = {Deep Transfer Learning for Natural Language Processing — Text Classification with Universal…},
	url = {https://towardsdatascience.com/deep-transfer-learning-for-natural-language-processing-text-classification-with-universal-1a2c69e5baa9},
	abstract = {A Guide to Demystifying Universal Sentence Encoders},
	titleaddon = {Medium},
	author = {Sarkar, Dipanjan ({DJ})},
	urldate = {2021-07-25},
	date = {2018-12-13},
	langid = {english},
	file = {Snapshot:C\:\\Users\\anubh\\Zotero\\storage\\V3R4GBC5\\deep-transfer-learning-for-natural-language-processing-text-classification-with-universal-1a2c6.html:text/html},
}